<?xml version="1.0" encoding="UTF-8"?>
<record>
  <leader>01019nam#a2200277#cb4500</leader>
  <controlfield tag="005">20210408024850.0</controlfield>
  <controlfield tag="007">tu</controlfield>
  <controlfield tag="008">981024|1934####xx############|||#|#ger#c</controlfield>
  <controlfield tag="003">DE-605</controlfield>
  <controlfield tag="001">990075429930206441</controlfield>
  <datafield tag="016" ind1="7" ind2=" ">
    <subfield code="a">1067460009</subfield>
    <subfield code="2">OCoLC</subfield>
  </datafield>
  <datafield tag="035" ind1=" " ind2=" ">
    <subfield code="a">(DE-605)HT000944190</subfield>
  </datafield>
  <datafield tag="040" ind1=" " ind2=" ">
    <subfield code="a">294</subfield>
    <subfield code="b">ger</subfield>
    <subfield code="d">61</subfield>
    <subfield code="e">rakwb</subfield>
  </datafield>
  <datafield tag="041" ind1=" " ind2=" ">
    <subfield code="a">ger</subfield>
  </datafield>
  <datafield tag="044" ind1=" " ind2=" ">
    <subfield code="c">XA-DXDE</subfield>
  </datafield>
  <datafield tag="100" ind1="1" ind2=" ">
    <subfield code="a">Lehmann, Paul</subfield>
    <subfield code="d">1884-1964</subfield>
    <subfield code="0">(DE-588)116871466</subfield>
    <subfield code="4">aut</subfield>
    <subfield code="0">https://portal.dnb.de/opac.htm?method=simpleSearch&amp;cqlMode=true&amp;query=idn=116871466</subfield>
    <subfield code="0">http://viaf.org/viaf/sourceID/DNB|116871466</subfield>
    <subfield code="B">GND-116871466</subfield>
  </datafield>
  <datafield tag="245" ind1="1" ind2="0">
    <subfield code="a">&lt;&lt;Die&gt;&gt; mittelalterliche Dombibliothek zu Speyer</subfield>
    <subfield code="c">von Paul Lehmann</subfield>
  </datafield>
  <datafield tag="264" ind1=" " ind2="1">
    <subfield code="a">München</subfield>
    <subfield code="b">Verl. d. Bayer. Akad. d. Wissenschaften</subfield>
    <subfield code="c">1934</subfield>
  </datafield>
  <datafield tag="300" ind1=" " ind2=" ">
    <subfield code="a">64 S.</subfield>
  </datafield>
  <datafield tag="490" ind1="1" ind2=" ">
    <subfield code="a">Sitzungsberichte der Bayerischen Akademie der Wissenschaften, Philosophisch-Historische Abteilung</subfield>
    <subfield code="v">1934, H. 4</subfield>
  </datafield>
  <datafield tag="830" ind1=" " ind2="0">
    <subfield code="a">Sitzungsberichte der Bayerischen Akademie der Wissenschaften, Philosophisch-Historische Abteilung</subfield>
    <subfield code="w">(DE-605)HT003004165</subfield>
    <subfield code="v">1934,4</subfield>
    <subfield code="9">O:1</subfield>
  </datafield>
  <datafield tag="964" ind1="0" ind2="s">
    <subfield code="F">030</subfield>
    <subfield code="A">a|1uc||||||17</subfield>
  </datafield>
  <datafield tag="964" ind1="0" ind2="s">
    <subfield code="F">050</subfield>
    <subfield code="A">a|||||||||||||</subfield>
  </datafield>
  <datafield tag="964" ind1="0" ind2="s">
    <subfield code="F">051</subfield>
    <subfield code="A">s|||||||</subfield>
  </datafield>
  <datafield tag="035" ind1=" " ind2=" ">
    <subfield code="a">(OCoLC)1067460009</subfield>
  </datafield>
  <datafield tag="035" ind1=" " ind2=" ">
    <subfield code="a">(DE-599)HBZHT000944190</subfield>
  </datafield>
  <datafield tag="MBD" ind1=" " ind2=" ">
    <subfield code="M">49HBZ_NETWORK</subfield>
    <subfield code="i">990075429930206441</subfield>
    <subfield code="n">HBZ Network</subfield>
  </datafield>
  <datafield tag="MBD" ind1=" " ind2=" ">
    <subfield code="M">49HBZ_BRIDGE_FIZ</subfield>
    <subfield code="i">9997545007816</subfield>
    <subfield code="n">Bibliotheken ohne zentrale Katalogisierung</subfield>
  </datafield>
  <datafield tag="MBD" ind1=" " ind2=" ">
    <subfield code="M">49HBZ_BRIDGE_PTR</subfield>
    <subfield code="i">9927425707817</subfield>
    <subfield code="n">Priesterseminar, Bibliothek, Trier</subfield>
  </datafield>
  <datafield tag="MBD" ind1=" " ind2=" ">
    <subfield code="M">49HBZ_BRIDGE_LBZ</subfield>
    <subfield code="i">9954404307506</subfield>
    <subfield code="n">Rheinische Landesbibliothek Koblenz</subfield>
  </datafield>
  <datafield tag="MBD" ind1=" " ind2=" ">
    <subfield code="M">49HBZ_THK</subfield>
    <subfield code="i">991004272189706477</subfield>
    <subfield code="n">Technische Hochschule Köln (TH Köln)</subfield>
  </datafield>
  <datafield tag="MBD" ind1=" " ind2=" ">
    <subfield code="M">49HBZ_UBT</subfield>
    <subfield code="i">990001271450106470</subfield>
    <subfield code="n">UB Trier</subfield>
  </datafield>
  <datafield tag="MBD" ind1=" " ind2=" ">
    <subfield code="M">49HBZ_ULB</subfield>
    <subfield code="i">991042020169706467</subfield>
    <subfield code="n">Universitaet Bonn</subfield>
  </datafield>
  <datafield tag="MBD" ind1=" " ind2=" ">
    <subfield code="M">49HBZ_BIE</subfield>
    <subfield code="i">991006100869706442</subfield>
    <subfield code="n">Universität Bielefeld</subfield>
  </datafield>
  <datafield tag="MBD" ind1=" " ind2=" ">
    <subfield code="M">49HBZ_UBO</subfield>
    <subfield code="i">991008789079706471</subfield>
    <subfield code="n">Universität Bochum</subfield>
  </datafield>
  <datafield tag="MBD" ind1=" " ind2=" ">
    <subfield code="M">49HBZ_DUE</subfield>
    <subfield code="i">990023296720206443</subfield>
    <subfield code="n">Universität Düsseldorf</subfield>
  </datafield>
  <datafield tag="MBD" ind1=" " ind2=" ">
    <subfield code="M">49HBZ_UBK</subfield>
    <subfield code="i">991049482109706476</subfield>
    <subfield code="n">Universität Köln</subfield>
  </datafield>
  <datafield tag="MBD" ind1=" " ind2=" ">
    <subfield code="M">49HBZ_ULM</subfield>
    <subfield code="i">991021186469706449</subfield>
    <subfield code="n">Universität Münster</subfield>
  </datafield>
  <datafield tag="MBD" ind1=" " ind2=" ">
    <subfield code="M">49HBZ_SIE</subfield>
    <subfield code="i">990002110800106462</subfield>
    <subfield code="n">Universität Siegen</subfield>
  </datafield>
  <datafield tag="MBD" ind1=" " ind2=" ">
    <subfield code="M">49HBZ_PAD</subfield>
    <subfield code="i">990001528370106463</subfield>
    <subfield code="n">Universitätsbibliothek Paderborn</subfield>
  </datafield>
  <datafield tag="MNG" ind1=" " ind2=" ">
    <subfield code="c">System</subfield>
    <subfield code="f">ILS</subfield>
    <subfield code="i">marc21</subfield>
    <subfield code="k">01</subfield>
    <subfield code="e">false</subfield>
    <subfield code="d">2022-03-14 06:23:32 Europe/Berlin</subfield>
    <subfield code="g">007542993-HBZ01</subfield>
    <subfield code="j">60</subfield>
    <subfield code="a">import</subfield>
    <subfield code="b">2021-04-05 20:47:34 Europe/Berlin</subfield>
  </datafield>
  <datafield tag="H52" ind1="0" ind2=" ">
    <subfield code="b">O9023</subfield>
    <subfield code="c">UNASSIGNED</subfield>
    <subfield code="8">2272700430007816</subfield>
  </datafield>
  <datafield tag="HOL" ind1=" " ind2=" ">
    <subfield code="d">2023-06-01 20:23:00</subfield>
    <subfield code="8">2272700430007816</subfield>
    <subfield code="b">2023-06-01 20:23:00</subfield>
    <subfield code="M">49HBZ_BRIDGE_FIZ</subfield>
    <subfield code="g">false</subfield>
    <subfield code="a">System</subfield>
    <subfield code="c">System</subfield>
  </datafield>
  <datafield tag="H52" ind1="0" ind2=" ">
    <subfield code="b">T0006</subfield>
    <subfield code="c">M</subfield>
    <subfield code="h">U 391</subfield>
    <subfield code="8">2225456860007817</subfield>
  </datafield>
  <datafield tag="HOL" ind1=" " ind2=" ">
    <subfield code="d">2023-06-01 20:24:20</subfield>
    <subfield code="8">2225456860007817</subfield>
    <subfield code="b">2023-06-01 20:24:20</subfield>
    <subfield code="M">49HBZ_BRIDGE_PTR</subfield>
    <subfield code="g">false</subfield>
    <subfield code="a">System</subfield>
    <subfield code="c">System</subfield>
  </datafield>
  <datafield tag="ITM" ind1=" " ind2=" ">
    <subfield code="H">2225456860007817</subfield>
    <subfield code="x">M</subfield>
    <subfield code="f">BOOK</subfield>
    <subfield code="v">M</subfield>
    <subfield code="p">11</subfield>
    <subfield code="X">System</subfield>
    <subfield code="Y">2008-05-26 02:00:00 Europe/Berlin</subfield>
    <subfield code="n">U 391</subfield>
    <subfield code="M">49HBZ_BRIDGE_PTR</subfield>
    <subfield code="s">1</subfield>
    <subfield code="d">0</subfield>
    <subfield code="V">System</subfield>
    <subfield code="b">:96002228322</subfield>
    <subfield code="a">2325456820007817</subfield>
    <subfield code="c">U 391</subfield>
    <subfield code="B">1943/440</subfield>
    <subfield code="D">20080526</subfield>
    <subfield code="W">2023-06-01 22:24:20 Europe/Berlin</subfield>
    <subfield code="u">T0006</subfield>
    <subfield code="w">T0006</subfield>
  </datafield>
  <datafield tag="H52" ind1="0" ind2=" ">
    <subfield code="b">R0003</subfield>
    <subfield code="c">00001000</subfield>
    <subfield code="h">G 32.89/1934,4</subfield>
    <subfield code="8">2277095830007506</subfield>
  </datafield>
  <datafield tag="HOL" ind1=" " ind2=" ">
    <subfield code="d">2023-06-01 20:23:25</subfield>
    <subfield code="8">2277095830007506</subfield>
    <subfield code="b">2023-06-01 20:23:25</subfield>
    <subfield code="M">49HBZ_BRIDGE_LBZ</subfield>
    <subfield code="g">false</subfield>
    <subfield code="a">System</subfield>
    <subfield code="c">System</subfield>
  </datafield>
  <datafield tag="ITM" ind1=" " ind2=" ">
    <subfield code="H">2277095830007506</subfield>
    <subfield code="x">00001000</subfield>
    <subfield code="f">BOOK</subfield>
    <subfield code="v">00001000</subfield>
    <subfield code="p">02</subfield>
    <subfield code="X">System</subfield>
    <subfield code="Y">2008-09-19 02:00:00 Europe/Berlin</subfield>
    <subfield code="n">Per. 2968/1934,4</subfield>
    <subfield code="M">49HBZ_BRIDGE_LBZ</subfield>
    <subfield code="s">1</subfield>
    <subfield code="d">0</subfield>
    <subfield code="V">System</subfield>
    <subfield code="b">702586422107</subfield>
    <subfield code="a">2377095800007506</subfield>
    <subfield code="c">G 32.89/1934,4</subfield>
    <subfield code="W">2023-06-01 22:23:25 Europe/Berlin</subfield>
    <subfield code="u">R0003</subfield>
    <subfield code="w">R0003</subfield>
  </datafield>
  <datafield tag="ITM" ind1=" " ind2=" ">
    <subfield code="H">2277095830007506</subfield>
    <subfield code="x">00001000</subfield>
    <subfield code="f">BOOK</subfield>
    <subfield code="v">00001000</subfield>
    <subfield code="p">02</subfield>
    <subfield code="X">System</subfield>
    <subfield code="Y">2008-09-19 02:00:00 Europe/Berlin</subfield>
    <subfield code="n">G 32.89/1934,4</subfield>
    <subfield code="M">49HBZ_BRIDGE_LBZ</subfield>
    <subfield code="s">1</subfield>
    <subfield code="d">0</subfield>
    <subfield code="V">System</subfield>
    <subfield code="b">011813549107</subfield>
    <subfield code="a">2377095810007506</subfield>
    <subfield code="c">G 32.89/1934,4</subfield>
    <subfield code="W">2023-06-01 22:23:25 Europe/Berlin</subfield>
    <subfield code="u">R0003</subfield>
    <subfield code="w">R0003</subfield>
  </datafield>
  <datafield tag="H52" ind1="8" ind2=" ">
    <subfield code="b">DEUTZ</subfield>
    <subfield code="c">78</subfield>
    <subfield code="h">BDDS1079</subfield>
    <subfield code="8">2244940630006477</subfield>
  </datafield>
  <datafield tag="HOL" ind1=" " ind2=" ">
    <subfield code="b">2023-08-17 19:49:58</subfield>
    <subfield code="8">2244940630006477</subfield>
    <subfield code="M">49HBZ_THK</subfield>
    <subfield code="g">false</subfield>
    <subfield code="a">import</subfield>
  </datafield>
  <datafield tag="ITM" ind1=" " ind2=" ">
    <subfield code="H">2244940630006477</subfield>
    <subfield code="x">78</subfield>
    <subfield code="f">BOOK</subfield>
    <subfield code="v">78</subfield>
    <subfield code="X">AMO_CO_FIX</subfield>
    <subfield code="U">2023-08-16 12:59:00 Europe/Berlin</subfield>
    <subfield code="Y">2023-08-17 19:40:06 Europe/Berlin</subfield>
    <subfield code="h">false</subfield>
    <subfield code="n">78BDDS1079</subfield>
    <subfield code="P">Notation: BDDS</subfield>
    <subfield code="G">1</subfield>
    <subfield code="M">49HBZ_THK</subfield>
    <subfield code="s">1</subfield>
    <subfield code="d">8</subfield>
    <subfield code="V">import</subfield>
    <subfield code="L">HBZ01: HT000944190</subfield>
    <subfield code="b">78BDDS1079</subfield>
    <subfield code="O">SISIS-Ausleihzähler Migrationsjahr: 0 | SISIS-Ausleihzähler Vor-Migrationsjahr: 0 | SISIS-Ausleihzähler vorletztes Migrationsjahr: 0 | SISIS-Vormerkzähler Migrationsjahr: 0</subfield>
    <subfield code="a">2344940620006477</subfield>
    <subfield code="c">BDDS1079</subfield>
    <subfield code="W">2023-08-17 21:49:58 Europe/Berlin</subfield>
    <subfield code="u">DEUTZ</subfield>
    <subfield code="w">DEUTZ</subfield>
  </datafield>
  <datafield tag="H52" ind1="8" ind2=" ">
    <subfield code="b">T0011</subfield>
    <subfield code="c">MAG</subfield>
    <subfield code="h">a4117-1934,3/11</subfield>
    <subfield code="8">22280215030006470</subfield>
  </datafield>
  <datafield tag="HOL" ind1=" " ind2=" ">
    <subfield code="b">2023-08-13 16:23:55</subfield>
    <subfield code="8">22280215030006470</subfield>
    <subfield code="M">49HBZ_UBT</subfield>
    <subfield code="g">false</subfield>
    <subfield code="a">import</subfield>
  </datafield>
  <datafield tag="H52" ind1="8" ind2="1">
    <subfield code="b">T0011</subfield>
    <subfield code="z">Mit anderen Heften d. Jg. zsgebunden</subfield>
    <subfield code="c">UNASSIGNED</subfield>
    <subfield code="8">22280215010006470</subfield>
  </datafield>
  <datafield tag="HOL" ind1=" " ind2=" ">
    <subfield code="b">2023-08-13 16:23:55</subfield>
    <subfield code="8">22280215010006470</subfield>
    <subfield code="M">49HBZ_UBT</subfield>
    <subfield code="g">false</subfield>
    <subfield code="a">import</subfield>
  </datafield>
  <datafield tag="ITM" ind1=" " ind2=" ">
    <subfield code="H">22280215030006470</subfield>
    <subfield code="x">MAG</subfield>
    <subfield code="f">BOOK</subfield>
    <subfield code="v">MAG</subfield>
    <subfield code="p">kA</subfield>
    <subfield code="X">System</subfield>
    <subfield code="U">1998-09-18 12:59:00 Europe/Berlin</subfield>
    <subfield code="Y">2023-08-13 18:25:10 Europe/Berlin</subfield>
    <subfield code="h">false</subfield>
    <subfield code="n">a4117-1934,3/11</subfield>
    <subfield code="M">49HBZ_UBT</subfield>
    <subfield code="s">1</subfield>
    <subfield code="d">8</subfield>
    <subfield code="V">import</subfield>
    <subfield code="a">23280215020006470</subfield>
    <subfield code="t">8</subfield>
    <subfield code="c">a4117-1934,3/11</subfield>
    <subfield code="B">73 Z 983</subfield>
    <subfield code="D">20000217</subfield>
    <subfield code="W">1998-09-18 02:00:00 Europe/Berlin</subfield>
    <subfield code="u">T0011</subfield>
    <subfield code="w">T0011</subfield>
  </datafield>
  <datafield tag="H52" ind1="#" ind2=" ">
    <subfield code="b">TK</subfield>
    <subfield code="c">TK-Frei</subfield>
    <subfield code="h">BO 4075 S752</subfield>
    <subfield code="8">22276729430006467</subfield>
  </datafield>
  <datafield tag="HOL" ind1=" " ind2=" ">
    <subfield code="b">2023-07-24 09:51:53</subfield>
    <subfield code="8">22276729430006467</subfield>
    <subfield code="M">49HBZ_ULB</subfield>
    <subfield code="g">false</subfield>
    <subfield code="a">import</subfield>
  </datafield>
  <datafield tag="H52" ind1="#" ind2=" ">
    <subfield code="b">GE</subfield>
    <subfield code="c">GE-Frei</subfield>
    <subfield code="h">Be 180</subfield>
    <subfield code="8">22276729410006467</subfield>
  </datafield>
  <datafield tag="HOL" ind1=" " ind2=" ">
    <subfield code="b">2023-07-24 09:51:53</subfield>
    <subfield code="8">22276729410006467</subfield>
    <subfield code="M">49HBZ_ULB</subfield>
    <subfield code="g">false</subfield>
    <subfield code="a">import</subfield>
  </datafield>
  <datafield tag="ITM" ind1=" " ind2=" ">
    <subfield code="H">22276729430006467</subfield>
    <subfield code="x">TK-Frei</subfield>
    <subfield code="f">BOOK</subfield>
    <subfield code="v">TK-Frei</subfield>
    <subfield code="X">AMO_TL2_FIX</subfield>
    <subfield code="U">2023-07-23 12:59:00 Europe/Berlin</subfield>
    <subfield code="Y">2023-07-25 08:01:39 Europe/Berlin</subfield>
    <subfield code="h">false</subfield>
    <subfield code="n">BO 4075 S752</subfield>
    <subfield code="G">1</subfield>
    <subfield code="M">49HBZ_ULB</subfield>
    <subfield code="s">1</subfield>
    <subfield code="d">#</subfield>
    <subfield code="V">import</subfield>
    <subfield code="L">64/3715 Dp</subfield>
    <subfield code="b">TK-038705</subfield>
    <subfield code="O">SISIS-Ausleihzähler Migrationsjahr: 0 | SISIS-Ausleihzähler Vor-Migrationsjahr: 0 | SISIS-Ausleihzähler vorletztes Migrationsjahr: 0 | SISIS-Vormerkzähler Migrationsjahr: 0 | SISIS-Buchdaten-Aufnahmedatum: 2011-08-02</subfield>
    <subfield code="N">SISIS-ULBSystematik: 0 | SISIS-Magazindrucker: 0 | SISIS-Fernleihkonditionen: 3 | SISIS-Medientyp: 0 | Sigel: 5/108 | SISIS-Entleihbarkeit: X | SISIS-Zweigstelle: 10</subfield>
    <subfield code="a">23276729420006467</subfield>
    <subfield code="c">BO 4075 S752</subfield>
    <subfield code="W">2023-07-24 11:51:53 Europe/Berlin</subfield>
    <subfield code="u">TK</subfield>
    <subfield code="w">TK</subfield>
  </datafield>
  <datafield tag="ITM" ind1=" " ind2=" ">
    <subfield code="H">22276729410006467</subfield>
    <subfield code="x">GE-Frei</subfield>
    <subfield code="f">BOOK</subfield>
    <subfield code="v">GE-Frei</subfield>
    <subfield code="X">AMO_TL2_FIX</subfield>
    <subfield code="U">2023-07-23 12:59:00 Europe/Berlin</subfield>
    <subfield code="Y">2023-07-25 08:01:39 Europe/Berlin</subfield>
    <subfield code="h">false</subfield>
    <subfield code="n">Be 180</subfield>
    <subfield code="G">1</subfield>
    <subfield code="M">49HBZ_ULB</subfield>
    <subfield code="s">1</subfield>
    <subfield code="d">#</subfield>
    <subfield code="V">import</subfield>
    <subfield code="L">nv</subfield>
    <subfield code="b">GE-011615</subfield>
    <subfield code="O">SISIS-Ausleihzähler Migrationsjahr: 0 | SISIS-Ausleihzähler Vor-Migrationsjahr: 0 | SISIS-Ausleihzähler vorletztes Migrationsjahr: 0 | SISIS-Vormerkzähler Migrationsjahr: 0 | SISIS-Buchdaten-Aufnahmedatum: 2011-07-19</subfield>
    <subfield code="N">SISIS-ULBSystematik: 0 | SISIS-Magazindrucker: 0 | SISIS-Fernleihkonditionen: 3 | SISIS-Medientyp: 0 | Sigel: 5/20 | SISIS-Entleihbarkeit: X | SISIS-Zweigstelle: 53</subfield>
    <subfield code="a">23276729400006467</subfield>
    <subfield code="c">Be 180</subfield>
    <subfield code="W">2023-07-24 11:51:53 Europe/Berlin</subfield>
    <subfield code="u">GE</subfield>
    <subfield code="w">GE</subfield>
  </datafield>
  <datafield tag="H52" ind1="8" ind2=" ">
    <subfield code="b">UB_BI</subfield>
    <subfield code="c">99_TEMP</subfield>
    <subfield code="h">AC005+MU948 S6P5[1934</subfield>
    <subfield code="8">22256260250006442</subfield>
  </datafield>
  <datafield tag="HOL" ind1=" " ind2=" ">
    <subfield code="b">2021-04-19 04:49:21</subfield>
    <subfield code="8">22256260250006442</subfield>
    <subfield code="M">49HBZ_BIE</subfield>
    <subfield code="g">false</subfield>
    <subfield code="a">import</subfield>
  </datafield>
  <datafield tag="ITM" ind1=" " ind2=" ">
    <subfield code="H">22256260250006442</subfield>
    <subfield code="x">99_TEMP</subfield>
    <subfield code="f">BOOK</subfield>
    <subfield code="v">99_TEMP</subfield>
    <subfield code="p">item_08</subfield>
    <subfield code="X">System</subfield>
    <subfield code="U">2021-04-18 12:59:00 Europe/Berlin</subfield>
    <subfield code="Y">2021-04-19 06:49:53 Europe/Berlin</subfield>
    <subfield code="h">false</subfield>
    <subfield code="M">49HBZ_BIE</subfield>
    <subfield code="s">1</subfield>
    <subfield code="d">8</subfield>
    <subfield code="V">import</subfield>
    <subfield code="L">Abteilung/Standort/Haushaltsstufe: 99 | SISIS-Magazindrucker: 88 | HBZ01: HT000944190 | Keine Beilagen: 1</subfield>
    <subfield code="b">TEMP50000171359-000010</subfield>
    <subfield code="O">SISIS-Ausleihzähler vorletztes Migrationsjahr: 0 | SISIS-Vormerkzähler Migrationsjahr: 0 | SISIS-Buchdaten-Aufnahmedatum: 2008-06-21</subfield>
    <subfield code="N">Fernleihkonditionen: 3 | Sigel: 361 | Klassifikation: 99_TEMP | Altersbegrenzung: 0 | SISIS-Ausleihzähler Migrationsjahr: 0 | SISIS-Ausleihzähler Vor-Migrationsjahr: 0</subfield>
    <subfield code="a">23256260230006442</subfield>
    <subfield code="c">AC005+MU948 S6P5[1934</subfield>
    <subfield code="W">2021-04-19 06:49:21 Europe/Berlin</subfield>
    <subfield code="u">UB_BI</subfield>
    <subfield code="w">UB_BI</subfield>
  </datafield>
  <datafield tag="H52" ind1="8" ind2=" ">
    <subfield code="b">UB</subfield>
    <subfield code="c">UB_G3B1</subfield>
    <subfield code="h">ZGA19-1934,1</subfield>
    <subfield code="8">2299479510006471</subfield>
  </datafield>
  <datafield tag="HOL" ind1=" " ind2=" ">
    <subfield code="b">2023-07-30 14:02:37</subfield>
    <subfield code="8">2299479510006471</subfield>
    <subfield code="M">49HBZ_UBO</subfield>
    <subfield code="g">false</subfield>
    <subfield code="a">import</subfield>
  </datafield>
  <datafield tag="H52" ind1="8" ind2=" ">
    <subfield code="b">GER</subfield>
    <subfield code="c">GER_BIB</subfield>
    <subfield code="h">I b 11</subfield>
    <subfield code="8">2299479470006471</subfield>
  </datafield>
  <datafield tag="HOL" ind1=" " ind2=" ">
    <subfield code="b">2023-07-30 14:02:37</subfield>
    <subfield code="8">2299479470006471</subfield>
    <subfield code="M">49HBZ_UBO</subfield>
    <subfield code="g">false</subfield>
    <subfield code="a">import</subfield>
  </datafield>
  <datafield tag="H52" ind1="8" ind2=" ">
    <subfield code="b">HIS</subfield>
    <subfield code="c">HIS_BIB</subfield>
    <subfield code="h">Ci 20.05.03/8</subfield>
    <subfield code="8">2299479490006471</subfield>
  </datafield>
  <datafield tag="HOL" ind1=" " ind2=" ">
    <subfield code="b">2023-07-30 14:02:37</subfield>
    <subfield code="8">2299479490006471</subfield>
    <subfield code="M">49HBZ_UBO</subfield>
    <subfield code="g">false</subfield>
    <subfield code="a">import</subfield>
  </datafield>
  <datafield tag="ITM" ind1=" " ind2=" ">
    <subfield code="H">2299479510006471</subfield>
    <subfield code="x">UB_G3B1</subfield>
    <subfield code="f">BOOK</subfield>
    <subfield code="v">UB_G3B1</subfield>
    <subfield code="p">X</subfield>
    <subfield code="X">AMO_TL2_FIX</subfield>
    <subfield code="U">2023-07-30 12:59:00 Europe/Berlin</subfield>
    <subfield code="Y">2023-07-31 18:08:30 Europe/Berlin</subfield>
    <subfield code="h">false</subfield>
    <subfield code="n">ZGA19-1934,1</subfield>
    <subfield code="G">1</subfield>
    <subfield code="M">49HBZ_UBO</subfield>
    <subfield code="s">1</subfield>
    <subfield code="d">8</subfield>
    <subfield code="V">import</subfield>
    <subfield code="L">HBZ01: HT000944190 | Anzahl  Beilagen: 1</subfield>
    <subfield code="b">TEMP50000410798-000010</subfield>
    <subfield code="O">SISIS-Vormerkzähler Migrationsjahr: 0 | SISIS-Buchdaten-Aufnahmedatum: 2008-05-22</subfield>
    <subfield code="N">Sigel: 294 | Klassifikation: 0 | SISIS-Ausleihzähler Migrationsjahr: 0</subfield>
    <subfield code="a">2399479500006471</subfield>
    <subfield code="c">ZGA19-1934,1</subfield>
    <subfield code="W">2023-07-30 16:02:37 Europe/Berlin</subfield>
    <subfield code="u">UB</subfield>
    <subfield code="w">UB</subfield>
  </datafield>
  <datafield tag="ITM" ind1=" " ind2=" ">
    <subfield code="H">2299479490006471</subfield>
    <subfield code="x">HIS_BIB</subfield>
    <subfield code="f">BOOK</subfield>
    <subfield code="v">HIS_BIB</subfield>
    <subfield code="p">X</subfield>
    <subfield code="X">AMO_TL2_FIX</subfield>
    <subfield code="U">2023-07-30 12:59:00 Europe/Berlin</subfield>
    <subfield code="Y">2023-07-31 18:08:30 Europe/Berlin</subfield>
    <subfield code="h">false</subfield>
    <subfield code="n">Ci 20.05.03/8</subfield>
    <subfield code="G">1</subfield>
    <subfield code="M">49HBZ_UBO</subfield>
    <subfield code="s">1</subfield>
    <subfield code="d">8</subfield>
    <subfield code="V">import</subfield>
    <subfield code="L">HBZ01: HT000944190 | Anzahl  Beilagen: 1</subfield>
    <subfield code="b">TEMPHBZ60036085491-000010</subfield>
    <subfield code="O">SISIS-Vormerkzähler Migrationsjahr: 0 | SISIS-Buchdaten-Aufnahmedatum: 2008-05-27 | FussnoteIInt: A 65/1593</subfield>
    <subfield code="N">Sigel: 294/11 | Klassifikation: 0 | SISIS-Ausleihzähler Migrationsjahr: 0</subfield>
    <subfield code="a">2399479480006471</subfield>
    <subfield code="c">Ci 20.05.03/8</subfield>
    <subfield code="W">2023-07-30 16:02:37 Europe/Berlin</subfield>
    <subfield code="u">HIS</subfield>
    <subfield code="w">HIS</subfield>
  </datafield>
  <datafield tag="ITM" ind1=" " ind2=" ">
    <subfield code="H">2299479470006471</subfield>
    <subfield code="x">GER_BIB</subfield>
    <subfield code="f">BOOK</subfield>
    <subfield code="v">GER_BIB</subfield>
    <subfield code="p">X</subfield>
    <subfield code="X">AMO_TL2_FIX</subfield>
    <subfield code="U">2023-07-30 12:59:00 Europe/Berlin</subfield>
    <subfield code="Y">2023-07-31 18:08:30 Europe/Berlin</subfield>
    <subfield code="h">false</subfield>
    <subfield code="n">I b 11</subfield>
    <subfield code="G">1</subfield>
    <subfield code="M">49HBZ_UBO</subfield>
    <subfield code="s">1</subfield>
    <subfield code="d">8</subfield>
    <subfield code="V">import</subfield>
    <subfield code="L">HBZ01: HT000944190 | Anzahl  Beilagen: 1</subfield>
    <subfield code="b">TEMP397133</subfield>
    <subfield code="O">SISIS-Vormerkzähler Migrationsjahr: 0 | SISIS-Buchdaten-Aufnahmedatum: 2015-07-03</subfield>
    <subfield code="N">Sigel: 294/23 | Klassifikation: 0 | SISIS-Ausleihzähler Migrationsjahr: 0</subfield>
    <subfield code="a">2399479440006471</subfield>
    <subfield code="c">I b 11</subfield>
    <subfield code="B">GEA-1695</subfield>
    <subfield code="W">2023-07-30 16:02:37 Europe/Berlin</subfield>
    <subfield code="u">GER</subfield>
    <subfield code="w">GER</subfield>
  </datafield>
  <datafield tag="H52" ind1=" " ind2=" ">
    <subfield code="b">38-434</subfield>
    <subfield code="c">38-434-BIB</subfield>
    <subfield code="8">22213349040006476</subfield>
  </datafield>
  <datafield tag="HOL" ind1=" " ind2=" ">
    <subfield code="b">2023-08-22 10:57:19</subfield>
    <subfield code="8">22213349040006476</subfield>
    <subfield code="M">49HBZ_UBK</subfield>
    <subfield code="g">false</subfield>
    <subfield code="a">import</subfield>
  </datafield>
  <datafield tag="H52" ind1=" " ind2=" ">
    <subfield code="b">38-432</subfield>
    <subfield code="c">38-432-BIB</subfield>
    <subfield code="8">22213349080006476</subfield>
  </datafield>
  <datafield tag="HOL" ind1=" " ind2=" ">
    <subfield code="b">2023-08-22 10:57:19</subfield>
    <subfield code="8">22213349080006476</subfield>
    <subfield code="M">49HBZ_UBK</subfield>
    <subfield code="g">false</subfield>
    <subfield code="a">import</subfield>
  </datafield>
  <datafield tag="ITM" ind1=" " ind2=" ">
    <subfield code="H">22213349040006476</subfield>
    <subfield code="x">38-434-BIB</subfield>
    <subfield code="f">BOOK</subfield>
    <subfield code="v">38-434-BIB</subfield>
    <subfield code="p">X</subfield>
    <subfield code="X">AMO_HBZ_FIX</subfield>
    <subfield code="U">2023-08-21 12:59:00 Europe/Berlin</subfield>
    <subfield code="Y">2023-08-24 04:52:25 Europe/Berlin</subfield>
    <subfield code="h">false</subfield>
    <subfield code="n">434/Ab955</subfield>
    <subfield code="G">1</subfield>
    <subfield code="M">49HBZ_UBK</subfield>
    <subfield code="s">1</subfield>
    <subfield code="d">#</subfield>
    <subfield code="V">import</subfield>
    <subfield code="b">434/0007087</subfield>
    <subfield code="O">HBZ01: HT000944190 | Aufnahmedatum: 2016-10-11 | Klassifikation: 0</subfield>
    <subfield code="a">23213349030006476</subfield>
    <subfield code="W">2023-08-22 12:57:19 Europe/Berlin</subfield>
    <subfield code="u">38-434</subfield>
    <subfield code="w">38-434</subfield>
  </datafield>
  <datafield tag="ITM" ind1=" " ind2=" ">
    <subfield code="H">22213349080006476</subfield>
    <subfield code="x">38-432-BIB</subfield>
    <subfield code="f">BOOK</subfield>
    <subfield code="v">38-432-BIB</subfield>
    <subfield code="p">X</subfield>
    <subfield code="X">AMO_HBZ_FIX</subfield>
    <subfield code="U">2023-08-21 12:59:00 Europe/Berlin</subfield>
    <subfield code="Y">2023-08-24 04:52:25 Europe/Berlin</subfield>
    <subfield code="h">false</subfield>
    <subfield code="n">432/A8a/930-1934,4</subfield>
    <subfield code="G">1</subfield>
    <subfield code="M">49HBZ_UBK</subfield>
    <subfield code="s">1</subfield>
    <subfield code="d">#</subfield>
    <subfield code="V">import</subfield>
    <subfield code="L">Inv.-Nr.: B5617/63</subfield>
    <subfield code="b">432/0014231</subfield>
    <subfield code="O">HBZ01: HT000944190 | Aufnahmedatum: 2016-06-10 | Klassifikation: 0</subfield>
    <subfield code="a">23213349050006476</subfield>
    <subfield code="W">2023-08-22 12:57:19 Europe/Berlin</subfield>
    <subfield code="u">38-432</subfield>
    <subfield code="w">38-432</subfield>
  </datafield>
  <datafield tag="H52" ind1="8" ind2=" ">
    <subfield code="b">ENGL</subfield>
    <subfield code="c">ENGL_BIB</subfield>
    <subfield code="h">BG 511</subfield>
    <subfield code="8">22595716620006449</subfield>
  </datafield>
  <datafield tag="HOL" ind1=" " ind2=" ">
    <subfield code="b">2022-07-11 12:54:48</subfield>
    <subfield code="8">22595716620006449</subfield>
    <subfield code="M">49HBZ_ULM</subfield>
    <subfield code="g">false</subfield>
    <subfield code="a">import</subfield>
  </datafield>
  <datafield tag="H52" ind1="8" ind2=" ">
    <subfield code="b">ZB</subfield>
    <subfield code="c">ZB_FHM2</subfield>
    <subfield code="h">Z 430-1934</subfield>
    <subfield code="8">22595716640006449</subfield>
  </datafield>
  <datafield tag="HOL" ind1=" " ind2=" ">
    <subfield code="b">2022-07-11 12:54:48</subfield>
    <subfield code="8">22595716640006449</subfield>
    <subfield code="M">49HBZ_ULM</subfield>
    <subfield code="g">false</subfield>
    <subfield code="a">import</subfield>
  </datafield>
  <datafield tag="H52" ind1="8" ind2=" ">
    <subfield code="b">GERM</subfield>
    <subfield code="c">GERM_BIB</subfield>
    <subfield code="h">HsBu 1598</subfield>
    <subfield code="8">22595716600006449</subfield>
  </datafield>
  <datafield tag="HOL" ind1=" " ind2=" ">
    <subfield code="b">2022-07-11 12:54:48</subfield>
    <subfield code="8">22595716600006449</subfield>
    <subfield code="M">49HBZ_ULM</subfield>
    <subfield code="g">false</subfield>
    <subfield code="a">import</subfield>
  </datafield>
  <datafield tag="ITM" ind1=" " ind2=" ">
    <subfield code="H">22595716620006449</subfield>
    <subfield code="x">ENGL_BIB</subfield>
    <subfield code="f">BOOK</subfield>
    <subfield code="v">ENGL_BIB</subfield>
    <subfield code="X">AMO_TL2_FIX</subfield>
    <subfield code="U">2022-07-10 12:59:00 Europe/Berlin</subfield>
    <subfield code="Y">2022-07-12 13:10:54 Europe/Berlin</subfield>
    <subfield code="h">false</subfield>
    <subfield code="J">Ehemaliger Bestand Book Studies</subfield>
    <subfield code="Q">SISIS-Ausleihzähler Migrationsjahr: 0 | SISIS-Ausleihzähler Vor-Migrationsjahr: 0 | SISIS-Ausleihzähler vorletztes Migrationsjahr: 0</subfield>
    <subfield code="M">49HBZ_ULM</subfield>
    <subfield code="s">1</subfield>
    <subfield code="d">8</subfield>
    <subfield code="V">import</subfield>
    <subfield code="b">Z114-006972</subfield>
    <subfield code="O">Fernleihkonditionen: 3</subfield>
    <subfield code="a">23595716610006449</subfield>
    <subfield code="R">DBS-Systematik: 0</subfield>
    <subfield code="c">BG 511</subfield>
    <subfield code="W">2022-07-11 14:54:48 Europe/Berlin</subfield>
    <subfield code="u">ENGL</subfield>
    <subfield code="w">ENGL</subfield>
  </datafield>
  <datafield tag="ITM" ind1=" " ind2=" ">
    <subfield code="H">22595716600006449</subfield>
    <subfield code="x">GERM_BIB</subfield>
    <subfield code="f">BOOK</subfield>
    <subfield code="v">GERM_BIB</subfield>
    <subfield code="X">AMO_TL2_FIX</subfield>
    <subfield code="U">2022-07-10 12:59:00 Europe/Berlin</subfield>
    <subfield code="Y">2022-07-12 13:10:54 Europe/Berlin</subfield>
    <subfield code="h">false</subfield>
    <subfield code="Q">SISIS-Ausleihzähler Migrationsjahr: 0 | SISIS-Ausleihzähler Vor-Migrationsjahr: 0 | SISIS-Ausleihzähler vorletztes Migrationsjahr: 0</subfield>
    <subfield code="M">49HBZ_ULM</subfield>
    <subfield code="s">1</subfield>
    <subfield code="d">8</subfield>
    <subfield code="V">import</subfield>
    <subfield code="b">Z56-017587</subfield>
    <subfield code="O">Fernleihkonditionen: 3</subfield>
    <subfield code="a">23595716590006449</subfield>
    <subfield code="R">DBS-Systematik: 0</subfield>
    <subfield code="c">HsBu 1598</subfield>
    <subfield code="W">2022-07-11 14:54:48 Europe/Berlin</subfield>
    <subfield code="u">GERM</subfield>
    <subfield code="w">GERM</subfield>
  </datafield>
  <datafield tag="ITM" ind1=" " ind2=" ">
    <subfield code="H">22595716640006449</subfield>
    <subfield code="x">ZB_FHM2</subfield>
    <subfield code="f">BOOK</subfield>
    <subfield code="v">ZB_FHM2</subfield>
    <subfield code="X">AMO_TL2_FIX</subfield>
    <subfield code="U">2022-07-10 12:59:00 Europe/Berlin</subfield>
    <subfield code="Y">2022-07-12 13:10:54 Europe/Berlin</subfield>
    <subfield code="h">false</subfield>
    <subfield code="J">Enthält 10 Schriften in einem Band</subfield>
    <subfield code="Q">SISIS-Ausleihzähler Migrationsjahr: 0 | SISIS-Ausleihzähler Vor-Migrationsjahr: 0 | SISIS-Ausleihzähler vorletztes Migrationsjahr: 0</subfield>
    <subfield code="M">49HBZ_ULM</subfield>
    <subfield code="s">1</subfield>
    <subfield code="d">8</subfield>
    <subfield code="V">import</subfield>
    <subfield code="b">Z 430-1934</subfield>
    <subfield code="O">Fernleihkonditionen: 0</subfield>
    <subfield code="a">23595716630006449</subfield>
    <subfield code="R">DBS-Systematik: 0</subfield>
    <subfield code="c">Z 430-1934</subfield>
    <subfield code="W">2022-07-11 14:54:48 Europe/Berlin</subfield>
    <subfield code="u">ZB</subfield>
    <subfield code="w">ZB</subfield>
  </datafield>
  <datafield tag="H52" ind1="8" ind2="1">
    <subfield code="b">P0001</subfield>
    <subfield code="c">UNASSIGNED</subfield>
    <subfield code="8">22124728180006463</subfield>
  </datafield>
  <datafield tag="HOL" ind1=" " ind2=" ">
    <subfield code="b">2022-07-14 09:06:32</subfield>
    <subfield code="8">22124728180006463</subfield>
    <subfield code="M">49HBZ_PAD</subfield>
    <subfield code="g">false</subfield>
    <subfield code="a">import</subfield>
  </datafield>
  <datafield tag="GSI" ind1="7" ind2=" ">
    <subfield code="a">116871466</subfield>
    <subfield code="0">http://d-nb.info/gnd/116871466</subfield>
    <subfield code="2">gnd</subfield>
    <subfield code="A">GND</subfield>
    <subfield code="B">GND-116871466</subfield>
    <subfield code="C">024</subfield>
  </datafield>
  <datafield tag="GSI" ind1="7" ind2=" ">
    <subfield code="a">5107169</subfield>
    <subfield code="2">geprishisp</subfield>
    <subfield code="A">GND</subfield>
    <subfield code="B">GND-116871466</subfield>
    <subfield code="C">024</subfield>
  </datafield>
</record>
